% Encoding: UTF-8

@Book{ir,
  title     = {A Classical Introduction to Modern Number Theory},
  publisher = {Springer-Verlag, New York},
  year      = {1990},
  author    = {Kenneth Ireland and Michael Rosen},
  edition   = {2},
}

@Book{cox,
  title     = {Primes of the form {$x^2 + n y^2$}},
  publisher = {John Wiley \& Sons, Inc.},
  year      = {2013},
  author    = {David Cox},
  edition   = {2},
}

@Online{as,
  author  = {Arne Sletsj{\o}e},
  title   = {From quadratic reciprocity to {L}anglands' program},
  year    = {2018},
  url     = {https://www.abelprize.no/c73016/binfil/download.php?tid=73038},
  urldate = {2020-01-23},
}

@Book{cfg,
  title  = {Disquisitiones Arithmaticae},
  year   = {1801},
  author = {Carl Friedrich Gauss},
}

@Article{hlps,
  author  = {Hendrik W. Lenstra and Peter Stevenhagen},
  title   = {Artin Reciprocity and Mersenne Primes},
  journal = {Nieuw Archief voor Wiskunde},
  year    = {2000},
  volume  = {5},
  number  = {1},
  pages   = {44-54},
  url     = {http://websites.math.leidenuniv.nl/algebra/artin.pdf},
  urldate = {2020-03-01},
}

@Comment{jabref-entrytype: Online: req[author;title;year;url;urldate] opt[]}
