@book{folland99,
  author = 	 {Gerald Folland},
  title = 	 {Real Analysis:  Modern Techniques and Their Applications},
  publisher = 	 {John Wiley \& Sons, Inc},
  year = 	 {1999},
  edition =       {2}
}

@PhdThesis{tate50,
  author = 	 {John Tate},
  title = 	 {Fourier Analysis in Number Fields and Hecke's Zeta Function},
  school = 	 {Princeton University},
  year = 	 {1950}
}

